%% This BibTeX bibliography file was created using BibDesk.
%% https://bibdesk.sourceforge.io/

%% Created for Guillaume Acke at 2020-10-08 10:35:53 +0200 


%% Saved with string encoding Unicode (UTF-8) 



@article{Lowdin1963,
  author  = {P. Lykos and G. W. Pratt},
  title   = {Discussion on The Hartree_Fock Approximation},
  journal = {Rev. Mod. Phys.},
  volume  = {35},
  number  = {496},
  year    = {1963}
}


@article{whitesides2004a,
  author        = {Whitesides George M.},
  date-added    = {2020-10-08 10:35:24 +0200},
  date-modified = {2020-10-08 10:35:29 +0200},
  journal       = {Advanced Materials},
  number        = {15},
  pages         = {1375--1377},
  publisher     = {Wiley Online Library},
  title         = {Whitesides' group: writing a paper},
  volume        = {16},
  year          = {2004}
}

@book{Szabo1996,
  author         = {N. S. Ostlund and A. Szabo},
  editor         = {},
  title          = {Modern Quantum Chemistry Introduction to Advanced Electronic Structure Theory},
  publisher      = {Dover},
  year           = {1996}
}

@article{Roothaan1960,
  author          = {C. C. J. Roothaan},
  title           = {Self-Consistent Field Theory for Open Shells of Electronic Systems},
  journal         = {Rev. Mod. Phys.},
  volume          = {32},
  number          = {2},
  year            = {1960}
}

@article{Scuseria2010,
  author          = {T. Tsuchimochi and G. E. Scuseria},
  title           = {Communication: ROHF theory made simple},
  journal         = {J. Chem. Phys.},
  volume          = {133},
  number          = {141102},
  year            = {2010}
}

@article{Plakhutin2014,
  author          = {B. N. Plakhutin and E. R. Davidson},
  title           = {Canonical form of the Hartree-Fock orbitals in open-shell systems},
  journal         = {J. Chem. Phys.},
  volume          = {140},
  number          = {014102},
  year            = {2014}
}

@article{Scuseria2011,
  author          = {T. Tsuchimochi and G. E. Scuseria},
  title           = {Constrained active space unrestricted mean-field methods for controlling spin-contamination},
  journal         = {J. Chem. Phys},
  volume          = {134},
  number          = {064101},
  year            = {2011}
}

@article{Andrews1991,
author            = {J. S. Andrews and D. Jayatilaka and R. G. A. Bone and Handy N. C. and R. D. Amos},
  title           = {Spin contamination in single-determinant wavefunctions},
  journal         = {Chem. Phys. Lett.},
  volume          = {183},
  number          = {5},
  year            = {1991}
}

@article{Savin2010,
  author          = {T. Tsuchimochi and T. M. Henderson and G. E. Scuseria and A. Savin},
  title           = {Constrained-Pairing Mean-Field Theory. IV. Inclusion of corresponding pair constraints and connection to unrestricted Hartree-Fock theory},
  journal         = {J. Chem. Phys.},
  volume          = {133},
  number          = {134108},
  year            = {2010}
}

@misc{Sherrill1996,
  author       = {C. David Sherrill},
  title        = {Derivation of the Configuration Interaction Singles (CIS) Method for Various Single Determinant References and Extensions to Include Selected Double Substitutions (XCIS)},
  howpublished = {website},
  year         = {1996}
}

@unpublished{Declercq2020,
  author = {A. De Clercq and J. De Vos},
  title  = {Restricter open-shell Hartree Fock: made simple},
  note   = {report},
  year   = {2020}
}

@misc{key,
  author       = {B. Zhang and A. S. Abbott},
  title        = {Configuration Interaction Singles (CIS},
  howpublished = {Webpage},
  year         = {2017}
}

@misc{Scuseria2013,
  author       = {G. E. Scuseria},
  title        = {Symmetry breaking \& restoration},
  howpublished = {presentation},
  year         = {2013}
}


@misc{Acke2019,
  author       = {G. Acke and P. Bultinck},
  title        = {Electronic structures},
  howpublished = {syllabus},
  year         = {2019}
}

@misc{Bally2008,
  author       = {T. Bally},
  title        = {Open Shell Calculations},
  howpublished = {presentation},
  year         = {2008}
}

@misc{GQCP,
  author       = {L. Lemmens and X. De Vriendt and D. Tolstykh and T. Huysentruyt and G. Acke},
  title        = {The Ghent Quantum Chemistry Package},
  howpublished = {website},
  year         = {2017}
}

@article{Psi4,
author = {D. G. A. Smith and L. A. Burns and A.C. Simmonett and R.M. Parrish and M.C. Schieber and R. Galvelis and P. Kraus and H. Kruse and R. Di Remigio  and A. Alenaizan  and A. M. James and S. Lehtola and J. P. Misiewicz and M. Scheurer and R. A. Shaw and J. B. Schriber and Y. Xie and Z. L. Glick  and D. A. Sirianni and J. S. O’Brien  and J. M. Waldrop  and A. Kumar and E.G Hohenstein and B. P. Pritchard and B. R. Brooks and H.F. Schaefer and A. Y. Sokolov and K. Patkowski and A. E. DePrince and U. Bozkaya and R. A.  King and F. A. Evangelista and J. M. Turney and D. T. Crawford and C. D. Sherrill},
title = {PSI4 1.4: Open-source software for high-throughput quantum chemistry},
journal = {The Journal of Chemical Physics},
volume = {152},
number = {18},
year = {2020},

}


@misc{Numpy,
  author       = {S. Berg and R. Gommers and C. Harris and S. Hoyer and M. W. Mendonça and I. Pawson and M. Picus and S. van der Walt and E. Wieser},
  title        = {NumPy},
  howpublished = {website},
  year         = {2005}
}

@article{Scipy,
  author       = {P. Virtanen and R. Gommers and T. E. Oliphant and M. Haberland and T. Reddy and D. Cournapeau and E. Burovski and P. Peterson and W. Weckesser and J. Bright and S. J. van der Walt and M. Brett and J. Wilson and K. J. Millman and N. Mayorov and A. R. J. Nelson and E. Jones and R. Kern and E. Larson and C. J. Carey and I. Polat and Y. Feng and E. W. Moore and J. VanderPlas and D. Laxalde and J. Perktold and R. Cimrman and I. Henriksen and E. A. Quintero an C. R. Harris and A. M. Archibald and A. H. Ribeiro and F. Pedregosa and P. van Mulbregt},
  title        = {SciPy 1.0: fundamental algorithms for scientific computing in Python},
  journal = {nature methods},
  volume = {17},
  pages = {261-272},
  year = {2020},
}

@manual{IQmol,
  title        = {IQmolUserGuide},
  author       = {A. Gilbert}
}